<?xml version="1.0" encoding="UTF-8"?><collection xmlns="http://www.loc.gov/MARC21/slim"><record><leader>00412nam--2200145-i-4500</leader><controlfield tag="001">000027314</controlfield><controlfield tag="002">20161230</controlfield><controlfield tag="005">20161230201036</controlfield><controlfield tag="008">060222s1000------------r-----000-0-eng-d</controlfield><datafield ind1=" " ind2=" " tag="080"><subfield code="a">523.31-852</subfield></datafield><datafield ind1=" " ind2=" " tag="100"><subfield code="a">Herovanu, Mircea</subfield></datafield><datafield ind1=" " ind2=" " tag="245"><subfield code="a">Introducere in fizica atmosferei</subfield></datafield><datafield ind1=" " ind2=" " tag="260"><subfield code="a">Bucuresti, Editura Tehnica, 1957. 310p</subfield></datafield><datafield ind1=" " ind2=" " tag="490"><subfield code="a">Biblioteca Societatii De Stiinte Matematice Si Fizice A R.P.R</subfield></datafield><datafield ind1=" " ind2=" " tag="852"><subfield code="a">5608</subfield></datafield></record></collection>